<?xml version="1.0" encoding="UTF-8"?><collection xmlns="http://www.loc.gov/MARC21/slim"><record><leader>00508nam--2200169-i-4500</leader><controlfield tag="001">000024604</controlfield><controlfield tag="002">20161230</controlfield><controlfield tag="005">20161230201035</controlfield><controlfield tag="008">060222s1000------------r-----000-0-eng-d</controlfield><datafield ind1=" " ind2=" " tag="041"><subfield code="a">IFIN-HH</subfield></datafield><datafield ind1=" " ind2=" " tag="080"><subfield code="a">621.371</subfield></datafield><datafield ind1="1" ind2=" " tag="100"><subfield code="a">Ishimaru, Akira</subfield></datafield><datafield ind1="1" ind2="0" tag="245"><subfield code="a">Wave propagation and scattering in random media</subfield><subfield code="c">Akira ishimaru</subfield></datafield><datafield ind1=" " ind2=" " tag="260"><subfield code="a">New York</subfield><subfield code="b">Academic Press</subfield><subfield code="c">1978</subfield></datafield><datafield ind1="1" ind2=" " tag="787"><subfield code="a">Vol. 1</subfield><subfield code="h">Xi+250p</subfield><subfield code="t">Single Scattering And Transport Theory</subfield></datafield><datafield ind1=" " ind2=" " tag="852"><subfield code="a">76528</subfield><subfield code="c">621.371:621.396.67</subfield></datafield><datafield ind1=" " ind2=" " tag="CAT"><subfield code="a">Sys</subfield><subfield code="c">20110204</subfield><subfield code="h">120239</subfield></datafield></record></collection>